<?xml version="1.0" encoding="UTF-8"?>

                <record xmlns="http://www.loc.gov/MARC21/slim" type="Bibliographic">
                    <leader>00000nam a2200000 c 4500</leader>
                    <controlfield tag="001">578529963</controlfield>
                    <controlfield tag="003">DE-101</controlfield>
                    <controlfield tag="005">20171203090447.0</controlfield>
                    <controlfield tag="007">tu</controlfield>
                    <controlfield tag="008">020820s1957    gw ||||| |||| 00||||ger  </controlfield>
                    <datafield tag="015" ind1=" " ind2=" ">
                        <subfield code="a">00,L01</subfield>
                        <subfield code="2">dnb</subfield>
                    </datafield>
                    <datafield tag="016" ind1="7" ind2=" ">
                        <subfield code="2">DE-101</subfield>
                        <subfield code="a">578529963</subfield>
                    </datafield>
                    <datafield tag="020" ind1=" " ind2=" ">
                        <subfield code="c">Esc 18.-</subfield>
                    </datafield>
                    <datafield tag="035" ind1=" " ind2=" ">
                        <subfield code="a">(DE-599)DNB578529963</subfield>
                    </datafield>
                    <datafield tag="035" ind1=" " ind2=" ">
                        <subfield code="a">(OCoLC)72402508</subfield>
                    </datafield>
                    <datafield tag="040" ind1=" " ind2=" ">
                        <subfield code="a">9999</subfield>
                        <subfield code="b">ger</subfield>
                        <subfield code="c">DE-101</subfield>
                        <subfield code="d">9999</subfield>
                    </datafield>
                    <datafield tag="041" ind1=" " ind2=" ">
                        <subfield code="a">ger</subfield>
                    </datafield>
                    <datafield tag="044" ind1=" " ind2=" ">
                        <subfield code="c">XA-DE</subfield>
                    </datafield>
                    <datafield tag="100" ind1="1" ind2=" ">
                        <subfield code="0">(DE-588)118637479</subfield>
                        <subfield code="0">https://d-nb.info/gnd/118637479</subfield>
                        <subfield code="0">(DE-101)118637479</subfield>
                        <subfield code="a">Zweig, Stefan</subfield>
                        <subfield code="d">1881-1942</subfield>
                        <subfield code="e">Verfasser</subfield>
                        <subfield code="4">aut</subfield>
                        <subfield code="2">gnd</subfield>
                    </datafield>
                    <datafield tag="245" ind1="1" ind2="0">
                        <subfield code="a">Caleidoscópio</subfield>
                        <subfield code="b">(Lendas)</subfield>
                        <subfield code="c">Stefan Zweig. Trad. de Alice Ogando</subfield>
                    </datafield>
                    <datafield tag="250" ind1=" " ind2=" ">
                        <subfield code="a">4. ed.</subfield>
                    </datafield>
                    <datafield tag="264" ind1=" " ind2="1">
                        <subfield code="a">Porto</subfield>
                        <subfield code="b">Livraria Civilizaçāo</subfield>
                        <subfield code="c">1957</subfield>
                    </datafield>
                    <datafield tag="300" ind1=" " ind2=" ">
                        <subfield code="a">190 S.</subfield>
                        <subfield code="c">8</subfield>
                    </datafield>
                    <datafield tag="336" ind1=" " ind2=" ">
                        <subfield code="a">Text</subfield>
                        <subfield code="b">txt</subfield>
                        <subfield code="2">rdacontent</subfield>
                    </datafield>
                    <datafield tag="337" ind1=" " ind2=" ">
                        <subfield code="a">ohne Hilfsmittel zu benutzen</subfield>
                        <subfield code="b">n</subfield>
                        <subfield code="2">rdamedia</subfield>
                    </datafield>
                    <datafield tag="338" ind1=" " ind2=" ">
                        <subfield code="a">Band</subfield>
                        <subfield code="b">nc</subfield>
                        <subfield code="2">rdacarrier</subfield>
                    </datafield>
                    <datafield tag="700" ind1="1" ind2=" ">
                        <subfield code="8">1\p</subfield>
                        <subfield code="a">Ogando, Alice</subfield>
                        <subfield code="e">Mitwirkender</subfield>
                        <subfield code="4">ctb</subfield>
                    </datafield>
                    <datafield tag="700" ind1="1" ind2="2">
                        <subfield code="a">Zweig, Stefan</subfield>
                        <subfield code="d">1881-1942</subfield>
                        <subfield code="2">gnd</subfield>
                        <subfield code="t">Kaleidoskop</subfield>
                        <subfield code="g">portug.</subfield>
                    </datafield>
                    <datafield tag="850" ind1=" " ind2=" ">
                        <subfield code="a">DE-101a</subfield>
                    </datafield>
                    <datafield tag="883" ind1="2" ind2=" ">
                        <subfield code="8">1\p</subfield>
                        <subfield code="a">dnb</subfield>
                        <subfield code="d">20200613</subfield>
                        <subfield code="q">DE-101</subfield>
                        <subfield code="u">https://d-nb.info/provenance/plan#dnb</subfield>
                    </datafield>
                </record>
            